@inproceedings{mikolov2013distributed,
  title={Distributed representations of words and phrases and their compositionality},
  author={Mikolov, Tomas and Sutskever, Ilya and Chen, Kai and Corrado, Greg S. and Dean, Jeff},
  booktitle={Advances in neural information processing systems},
  pages={3111--3119},
  year={2013}
}

@inproceedings{sutskever2014sequence,
  title={Sequence to sequence learning with neural networks},
  author={Sutskever, Ilya and Vinyals, Oriol and Le, Quoc V.},
  booktitle={Advances in neural information processing systems},
  pages={3104--3112},
  year={2014}
}

@article{bahdanau2014neural,
  title={Neural machine translation by jointly learning to align and translate},
  author={Bahdanau, Dzmitry and Cho, Kyunghyun and Bengio, Yoshua},
  journal={arXiv:1409.0473},
  year={2014}
}

@article{cho2015describing,
  author={Kyunghyun Cho and Aaron C. Courville and Yoshua Bengio},
  title={Describing Multimedia Content using Attention-based Encoder-Decoder Networks},
  journal={arXiv:1507.01053},
  year={2015}
}

@article{hochreiter1997long,
  title={Long short-term memory},
  author={Hochreiter, Sepp and Schmidhuber, J{\"u}rgen},
  journal={Neural computation},
  volume={9},
  number={8},
  pages={1735--1780},
  year={1997},
  publisher={MIT Press}
}

@article{bengio1994learning,
  title={Learning long-term dependencies with gradient descent is difficult},
  author={Bengio, Yoshua and Simard, Patrice and Frasconi, Paolo},
  journal={IEEE Transactions on Neural Networks},
  volume={5},
  number={2},
  pages={157--166},
  year={1994},
  publisher={IEEE}
}

@article{he2015delving,
  title={Delving deep into rectifiers: Surpassing human-level performance on imagenet classification},
  author={He, Kaiming and Zhang, Xiangyu and Ren, Shaoqing and Sun, Jian},
  journal={arXiv:1502.01852},
  year={2015}
}

@inproceedings{sutskever2013importance,
  title={On the importance of initialization and momentum in deep learning},
  author={Sutskever, Ilya and Martens, James and Dahl, George and Hinton, Geoffrey},
  booktitle={Proceedings of the 30th International Conference on Machine Learning},
  pages={1139--1147},
  year={2013}
}

@misc{dieleman2015lasagne,
  title={Lasagne: First release},
  howpublished="\href{https://github.com/Lasagne/Lasagne}{\texttt{https://\allowbreak github.com/\allowbreak Lasagne/\allowbreak Lasagne}}",
  author={Sander Dieleman and Jan Schl{\"u}ter and Colin Raffel and Eben Olson and Soren Kaae Sonderby},
  year={2015}
}

@inproceedings{bastien2012theano,
  title={Theano: new features and speed improvements},
  author={Bastien, Fr{\'e}d{\'e}ric and Lamblin, Pascal and Pascanu, Razvan and Bergstra, James and Goodfellow, Ian and Bergeron, Arnaud and Bouchard, Nicolas and Warde-Farley, David and Bengio, Yoshua},
  booktitle={Deep Learning and Unsupervised Feature Learning NIPS 2012 Workshop},
  year={2012}
}

@inproceedings{bergstra2010theano,
  title={Theano: a {CPU} and {GPU} math expression compiler},
  author={Bergstra, James and Breuleux, Olivier and Bastien, Fr{\'e}d{\'e}ric and Lamblin, Pascal and Pascanu, Razvan and Desjardins, Guillaume and Turian, Joseph and Warde-Farley, David and Bengio, Yoshua},
  booktitle={Proceedings of the Python for scientific computing conference (SciPy)},
  year={2010},
}

@inproceedings{martens2011learning,
  title={Learning recurrent neural networks with hessian-free optimization},
  author={Martens, James and Sutskever, Ilya},
  booktitle={Proceedings of the 28th International Conference on Machine Learning},
  pages={1033--1040},
  year={2011}
}

@techreport{jaegar2012long,
  author={Jaeger, Herbert},
  institution={Jacobs University},
  number={27},
  pages={29+},
  school={School of Engineering and Science},
  title={Long Short-Term Memory in Echo State Networks: Details of a Simulation Study},
  year={2012}
}

@article{pascanu2012difficulty,
  title={On the difficulty of training recurrent neural networks},
  author={Pascanu, Razvan and Mikolov, Tomas and Bengio, Yoshua},
  journal={arXiv:1211.5063},
  year={2012}
}

@article{cho2014learning,
  title={Learning phrase representations using {RNN} encoder-decoder for statistical machine translation},
  author={Cho, Kyunghyun and Van Merri{\"e}nboer, Bart and Gulcehre, Caglar and Bahdanau, Dzmitry and Bougares, Fethi and Schwenk, Holger and Bengio, Yoshua},
  journal={arXiv:1406.1078},
  year={2014}
}

@article{hochreiter1997long,
  title={Long short-term memory},
  author={Hochreiter, Sepp and Schmidhuber, J{\"u}rgen},
  journal={Neural computation},
  volume={9},
  number={8},
  pages={1735--1780},
  year={1997},
  publisher={MIT Press}
}

@book{graves2012supervised,
  title={Supervised sequence labelling with recurrent neural networks},
  author={Graves, Alex},
  year={2012},
  publisher={Springer}
}

@inproceedings{sak2014long,
  title={Long short-term memory recurrent neural network architectures for large scale acoustic modeling},
  author={Sak, Hasim and Senior, Andrew and Beaufays, Fran{\c{c}}oise},
  booktitle={Proceedings of the Annual Conference of International Speech Communication Association (INTERSPEECH)},
  year={2014}
}

@article{graves2013generating,
  title={Generating sequences with recurrent neural networks},
  author={Graves, Alex},
  journal={arXiv:1308.0850},
  year={2013}
}

@article{mikolov2014learning,
  title={Learning longer memory in recurrent neural networks},
  author={Mikolov, Tomas and Joulin, Armand and Chopra, Sumit and Mathieu, Michael and Ranzato, Marc'Aurelio},
  journal={arXiv:1412.7753},
  year={2014}
}

@article{le2015simple,
  title={A Simple Way to Initialize Recurrent Networks of Rectified Linear Units},
  author={Le, Quoc V. and Jaitly, Navdeep and Hinton, Geoffrey E.},
  journal={arXiv:1504.00941},
  year={2015}
}

@article{sukhbaatar2015end,
  title={End-To-End Memory Networks},
  author={Sukhbaatar, Sainbayar and Szlam, Arthur and Weston, Jason and Fergus, Rob},
  journal={arXiv:1503.08895},
  year={2015}
}

@article{weston2014memory,
  title={Memory networks},
  author={Weston, Jason and Chopra, Sumit and Bordes, Antoine},
  journal={arXiv:1410.3916},
  year={2014}
}

@article{graves2014neural,
  title={Neural Turing Machines},
  author={Graves, Alex and Wayne, Greg and Danihelka, Ivo},
  journal={arXiv:1410.5401},
  year={2014}
}

@article{werbos1990backpropagation,
  title={Backpropagation through time: what it does and how to do it},
  author={Werbos, Paul J.},
  journal={Proceedings of the IEEE},
  volume={78},
  number={10},
  pages={1550--1560},
  year={1990},
  publisher={IEEE}
}

@article{kingma2014adam,
  title={Adam: A method for stochastic optimization},
  author={Kingma, Diederik and Ba, Jimmy},
  journal={arXiv:1412.6980},
  year={2014}
}

@inproceedings{maas2013rectifier,
  title={Rectifier nonlinearities improve neural network acoustic models},
  author={Maas, Andrew L. and Hannun, Awni Y. and Ng, Andrew Y.},
  booktitle={ICML Workshop on Deep Learning for Audio, Speech, and Language Processing},
  year={2013}
}

@misc{cho2015introduction,
  author={Kyunghyun Cho},
  title={Introduction to Neural Machine Translation with {GPUs} (part 3)},
  journal={{NVIDIA} Parallel Forall},
  number={July 26},
  year={2015},
  howpublished="\href{http://devblogs.nvidia.com/parallelforall/introduction-neural-machine-translation-gpus-part-3/}{\texttt{http://devblogs.nvidia.com/\allowbreak parallelforall/\allowbreak introduction-\allowbreak neural-\allowbreak machine-\allowbreak translation-\allowbreak gpus-\allowbreak part\allowbreak -3/}}"
}

@misc{dieleman2014recommending,
  author={Sander Dieleman},
  title={Recommending Music on {Spotify} with Deep Learning},
  journal={benanne.github.io},
  number={August 5},
  year={2014},
  howpublished="\href{http://benanne.github.io/2014/08/05/spotify-cnns.html}{\texttt{http://benanne.github.io/\allowbreak 2014/\allowbreak 08/\allowbreak 05/\allowbreak spotify-cnns.html}}"
}

@article{krueger2015regularizing,
  title={Regularizing {RNNs} by Stabilizing Activations},
  author={Krueger, David and Memisevic, Roland},
  journal={arXiv:1511.08400},
  year={2015}
}

@article{arjovsky2015unitary,
  title={Unitary Evolution Recurrent Neural Networks},
  author={Arjovsky, Martin and Shah, Amar and Bengio, Yoshua},
  journal={arXiv:1511.06464},
  year={2015}
}

@article{lin2014network,
  title={Network in Network},
  author={Lin, Min and Chen, Qiang and Yen, Shuicheng},
  journal={arXiv:1312.4400},
  year={2014}
}

@book{joachims1998text,
  title={Text categorization with support vector machines: Learning with many relevant features},
  author={Joachims, Thorsten},
  year={1998},
  publisher={Springer}
}

@inproceedings{raffel2016pruning,
  title={Pruning Subsequence Search with Attention-Based Embedding},
  author={Raffel, Colin and Ellis, Daniel P. W.},
  year={2016 (to appear)},
  booktitle={Proceedings of the 41st IEEE International Conference on Acoustics, Speech, and Signal Processing}
}

@article{xu2015show,
  title={Show, attend and tell: Neural image caption generation with visual attention},
  author={Xu, Kelvin and Ba, Jimmy and Kiros, Ryan and Courville, Aaron and Salakhutdinov, Ruslan and Zemel, Richard and Bengio, Yoshua},
  journal={arXiv:1502.03044},
  year={2015}
}

@article{chan2015listen,
  title={Listen, attend and spell},
  author={Chan, William and Jaitly, Navdeep and Le, Quoc V. and Vinyals, Oriol},
  journal={arXiv:1508.01211},
  year={2015}
}

@article{bahdanau2015end,
  title={End-to-end attention-based large vocabulary speech recognition},
  author={Bahdanau, Dzmitry and Chorowski, Jan and Serdyuk, Dmitriy and Brakel, Philemon and Bengio, Yoshua},
  journal={arXiv:1508.04395},
  year={2015}
}

@article{sonderby2015convolutional,
  title={Convolutional LSTM Networks for Subcellular Localization of Proteins},
  author={S{\o}nderby, S{\o}ren Kaae and S{\o}nderby, Casper Kaae and Nielsen, Henrik and Winther, Ole},
  journal={arXiv:1503.01919},
  year={2015}
}
